@article{merzky2015radical,
  title={RADICAL-Pilot: Scalable execution of heterogeneous and dynamic workloads on supercomputers},
  author={Merzky, Andre and Santcroos, Mark and Turilli, Matteo and Jha, Shantenu},
  journal={Computer Research Repository (CoRR), abs/1512.08194},
  year={2015}
}

@article{turilli2018comprehensive,
  title={A comprehensive perspective on pilot-job systems},
  author={Turilli, Matteo and Santcroos, Mark and Jha, Shantenu},
  journal={ACM Computing Surveys (CSUR)},
  volume={51},
  number={2},
  pages={43},
  year={2018},
  publisher={ACM}
}

@article{bellec2012pipeline,
  title={The pipeline system for Octave and Matlab (PSOM): a lightweight scripting framework and execution engine for scientific workflows},
  author={Bellec, Pierre and Lavoie-Courchesne, S{\'e}bastien and Dickinson, Phil and Lerch, Jason and Zijdenbos, Alex and Evans, Alan C},
  journal={Frontiers in neuroinformatics},
  volume={6},
  pages={7},
  year={2012},
  publisher={Frontiers}
}

@article{zaharia2016apache,
  title={Apache spark: a unified engine for big data processing},
  author={Zaharia, Matei and Xin, Reynold S and Wendell, Patrick and Das, Tathagata and Armbrust, Michael and Dave, Ankur and Meng, Xiangrui and Rosen, Josh and Venkataraman, Shivaram and Franklin, Michael J and others},
  journal={Communications of the ACM},
  volume={59},
  number={11},
  pages={56--65},
  year={2016},
  publisher={ACM}
}

@article{dean2008mapreduce,
  title={MapReduce: simplified data processing on large clusters},
  author={Dean, Jeffrey and Ghemawat, Sanjay},
  journal={Communications of the ACM},
  volume={51},
  number={1},
  pages={107--113},
  year={2008},
  publisher={ACM}
}

@inproceedings{apache13yet,
  title={Yet Another Resource Negotiator},
  author={Apache Hadoop, YARN},
  booktitle={Proceedings of the 4th Annual Symposium on Cloud Computing (SOCCâ€™13). ACM, New York, NY, USA, Article},
  volume={5},
  pages={16}
}

@inproceedings{hindman2011mesos,
  title={Mesos: A platform for fine-grained resource sharing in the data center.},
  author={Hindman, Benjamin and Konwinski, Andy and Zaharia, Matei and Ghodsi, Ali and Joseph, Anthony D and Katz, Randy H and Shenker, Scott and Stoica, Ion},
  booktitle={NSDI},
  volume={11},
  number={2011},
  pages={22--22},
  year={2011}
}

@article{mehta2017comparative,
  title={Comparative evaluation of big-data systems on scientific image analytics workloads},
  author={Mehta, Parmita and Dorkenwald, Sven and Zhao, Dongfang and Kaftan, Tomer and Cheung, Alvin and Balazinska, Magdalena and Rokem, Ariel and Connolly, Andrew and Vanderplas, Jacob and AlSayyad, Yusra},
  journal={Proceedings of the VLDB Endowment},
  volume={10},
  number={11},
  pages={1226--1237},
  year={2017},
  publisher={VLDB Endowment}
}

@article{freeman2014mapping,
  title={Mapping brain activity at scale with cluster computing},
  author={Freeman, Jeremy and Vladimirov, Nikita and Kawashima, Takashi and Mu, Yu and Sofroniew, Nicholas J and Bennett, Davis V and Rosen, Joshua and Yang, Chao-Tsung and Looger, Loren L and Ahrens, Misha B},
  journal={Nature methods},
  volume={11},
  number={9},
  pages={941},
  year={2014},
  publisher={Nature Publishing Group}
}

@article{boubela2016big,
  title={Big data approaches for the analysis of large-scale fMRI data using apache spark and GPU processing: a demonstration on resting-state fMRI data from the human connectome project},
  author={Boubela, Roland N and Kalcher, Klaudius and Huf, Wolfgang and Na{\v{s}}el, Christian and Moser, Ewald},
  journal={Frontiers in neuroscience},
  volume={9},
  pages={492},
  year={2016},
  publisher={Frontiers}
}

@inproceedings{rocklin2015dask,
  title={Dask: Parallel computation with blocked algorithms and task scheduling},
  author={Rocklin, Matthew},
  booktitle={Proceedings of the 14th Python in Science Conference},
  number={130-136},
  year={2015},
  organization={Citeseer}
}

@inproceedings{casajus2010dirac,
  title={DIRAC pilot framework and the DIRAC Workload Management System},
  author={Casajus, Adrian and Graciani, Ricardo and Paterson, Stuart and Tsaregorodtsev, Andrei and others},
  booktitle={Journal of Physics: Conference Series},
  volume={219},
  number={6},
  pages={062049},
  year={2010},
  organization={IOP Publishing}
}

@article{thain2005distributed,
  title={Distributed computing in practice: the Condor experience},
  author={Thain, Douglas and Tannenbaum, Todd and Livny, Miron},
  journal={Concurrency and computation: practice and experience},
  volume={17},
  number={2-4},
  pages={323--356},
  year={2005},
  publisher={Wiley Online Library}
}

@article{amunts2013bigbrain,
  title={BigBrain: an ultrahigh-resolution 3D human brain model},
  author={Amunts, Katrin and Lepage, Claude and Borgeat, Louis and Mohlberg, Hartmut and Dickscheid, Timo and Rousseau, Marc-{\'E}tienne and Bludau, Sebastian and Bazin, Pierre-Louis and Lewis, Lindsay B and Oros-Peusquens, Ana-Maria and others},
  journal={Science},
  volume={340},
  number={6139},
  pages={1472--1475},
  year={2013},
  publisher={American Association for the Advancement of Science}
}



